@book{latex,
  title = {LaTeX : A Documentation Preparation System User's Guide and Reference Manual},
  publisher = {Addison-Wesley Professional},
  year = {1994},
  author = {Leslie Lamport}
}

@inproceedings{profiling-dataflow,
author = {Beischl, Alexander and Kersten, Timo and Bandle, Maximilian and Giceva, Jana and Neumann, Thomas},
year = {2021},
month = {04},
pages = {474-489},
title = {Profiling dataflow systems on multiple abstraction levels},
doi = {10.1145/3447786.3456254}
}

@inproceedings {eurovisstar,
booktitle = {EuroVis - STARs},
editor = {R. Borgo and R. Maciejewski and I. Viola},
title = {{State of the Art of Performance Visualization}},
author = {Isaacs, Katherine E. and Giménez, Alfredo and Jusufi, Ilir and Gamblin, Todd and Bhatele, Abhinav and Schulz, Martin and Hamann, Bernd and Bremer, Peer-Timo},
year = {2014},
publisher = {The Eurographics Association},
ISBN = {978-3-03868-028-4},
DOI = {10.2312/eurovisstar.20141177}
}

@ARTICLE{2022state-of-the-art-visualization,
  author={Shakeel, Hafiz Muhammad and Iram, Shamaila and Al-Aqrabi, Hussain and Alsboui, Tariq and Hill, Richard},
  journal={IEEE Access}, 
  title={A Comprehensive State-of-the-Art Survey on Data Visualization Tools: Research Developments, Challenges and Future Domain Specific Visualization Framework}, 
  year={2022},
  volume={10},
  number={},
  pages={96581-96601},
  doi={10.1109/ACCESS.2022.3205115}}

@article{Bringin-Compiling-Databases-to-RISC,
  author = {Gruber, Ferdinand and Bandle, Maximilian and Engelke, Alexis and Neumann, Thomas and Giceva, Jana},
  title = {Bringing Compiling Databases to RISC Architectures},
  year = {2023},
  issue_date = {February 2023},
  publisher = {VLDB Endowment},
  volume = {16},
  number = {6},
  issn = {2150-8097},
  url = {https://doi.org/10.14778/3583140.3583142},
  doi = {10.14778/3583140.3583142},
  journal = {Proc. VLDB Endow.},
  month = {apr},
  pages = {1222–1234},
  numpages = {13}
}

@online{reactstrictmode,
  title = {React Strict Mode},
  year = {2023},
  url = {https://react.dev/learn/keeping-components-pure#detecting-impure-calculations-with-strict-mode},
  note = {Online; accessed on 17-November-2023},
}

@online{react-router,
  title = {React Router},
  year = {2023},
  url = {https://reactrouter.com/en/main},
  note = {Online; accessed on 18-November-2023},
  author = {Remix Software Inc.},
}

@online{Redux,
  author = {Abramov, Clark},
  title = {Redux},
  year = {2023},
  url = {https://redux.js.org/},
  note = {Online; accessed on 17-November-2023}
}
@online{redux-toolkit,
  author = {Abramov and the Redux Documentation Authors},
  title = {Redux Toolkit},
  year = {2023},
  url = {https://redux-toolkit.js.org/},
  note = {Online; accessed on 17-November-2023}
}
@online{mui,
  title = {Material UI},
  year = {2023},
  url = {https://mui.com/},
  note = {Online; accessed on 14-September-2023}
}

@online{material-design,
  title = {Material Design},
  year = {2023},
  url = {https://m3.material.io/},
  note = {Online; accessed on 22-November-2023}
}


@online{semantic-diff,
  title = {Semantic Diff / Query Plan Visualizer},
  year = {2023},
  url = {https://github.com/Toemmsche/semantic-diff},
  note = {Online; accessed on 19-November-2023}
}

@online{plotly,
  title = {Plotly Open Source Graphing Libraries},
  year = {2023},
  url = {https://plotly.com/graphing-libraries/},
  note = {Online; accessed on 20-November-2023}
}

@online{plotly-js,
  title = {Plotly JavaScript Open Source Graphing Library},
  year = {2023},
  url = {https://plotly.com/javascript/},
  note = {Online; accessed on 20-November-2023}
}

@online{createContext,
  title = {createContext API},
  year = {2023},
  url = {https://react.dev/reference/react/createContext},
  note = {Online; accessed on 20-November-2023}
}

@online{roboto,
  title = {Roboto Font},
  author = {Google},
  year = {2023},
  url = {https://fonts.google.com/specimen/Roboto},
  note = {Online; accessed on 22-November-2023}
}


